<record><leader>00000cas a22000007a 4500</leader><controlfield tag="001">11421071</controlfield><controlfield tag="008">841126d19071909aluwr ne      0   a0eng d</controlfield><datafield ind1=" " ind2=" " tag="010"><subfield code="a">sn 85044530 </subfield></datafield><datafield ind1=" " ind2=" " tag="040"><subfield code="a">AAA</subfield><subfield code="b">eng</subfield><subfield code="c">AAA</subfield><subfield code="d">CPN</subfield><subfield code="d">OCLCQ</subfield></datafield><datafield ind1=" " ind2=" " tag="042"><subfield code="a">msc</subfield></datafield><datafield ind1="0" ind2="0" tag="245"><subfield code="a">Brundidge record.</subfield></datafield><datafield ind1=" " ind2=" " tag="260"><subfield code="a">Brundidge, Ala. :</subfield><subfield code="b">H.A. Norton</subfield></datafield><datafield ind1=" " ind2=" " tag="300"><subfield code="a">v.</subfield></datafield><datafield ind1=" " ind2=" " tag="310"><subfield code="a">Weekly</subfield></datafield><datafield ind1="0" ind2=" " tag="362"><subfield code="a">-v. 2, no. 24 (Jan. 20, 1909).</subfield></datafield><datafield ind1=" " ind2=" " tag="525"><subfield code="a">Supplements accompany issues for July 8 and Dec. 23, 1908.</subfield></datafield><datafield ind1=" " ind2=" " tag="588"><subfield code="a">Description based on: Vol. 1, no. 6 (Sept. 11, 1907).</subfield></datafield><datafield ind1=" " ind2=" " tag="752"><subfield code="a">United States</subfield><subfield code="b">Alabama</subfield><subfield code="c">Pike</subfield><subfield code="d">Brundidge.</subfield></datafield><datafield ind1="0" ind2="4" tag="785"><subfield code="t">Brundidge news</subfield><subfield code="w">(DLC)sn 85044531</subfield></datafield><datafield ind1="1" ind2=" " tag="029"><subfield code="a">AU@</subfield><subfield code="b">000025826906</subfield></datafield></record>